% Bibliography file for Phase 2 group D report

% Kinetic models of antiviral treatment
@article {Smith,
author = {Smith, Amber M. and Perelson, Alan S.},
title = {Influenza A virus infection kinetics: quantitative data and models},
journal = {Wiley Interdisciplinary Reviews: Systems Biology and Medicine},
volume = {3},
number = {4},
publisher = {John Wiley & Sons, Inc.},
issn = {1939-005X},
url = {http://dx.doi.org/10.1002/wsbm.129},
doi = {10.1002/wsbm.129},
pages = {429--445},
year = {2011},
}

% Group G's original article
@article{GroupG,
title = {A dynamical model of human immune response to influenza A virus infection},
author = {N. Pearce L. Bowler F. Wolfreys M. Aldeghi I. Frost and P. Taylor},
year = {2013},
}

% Original paper
@article{Hancioglu,
title = {A dynamical model of human immune response to influenza A virus infection},
author = {Baris Hancioglu, David Swigon, and Gilles Clermont},
journal = {Journal of Theoretical Biology},
volume = {246},
pages = {70--86},
year = {2007},
}

% Paper explaining TFH dependence of B cells
@article{Swain,
title = {Expanding roles for CD4+ T cells in immunity to viruses},
author = {Susan L. Swain, K. Kai McKinstry and Tara M. Strutt},
journal = {Nature Reviews Immunology},
volume = {12},
pages = {136--148},
year = {2012},
}

% Paper with THB cell modeling, part 1
@article{Carneiro1,
title = {A Model of the Immune Network with B-T Cell Co-operation I -- Prototypical Structures and Dynamics},
author = {Jorge Carneiro, Antonio Coutinho, Jose Faro, and John Stewart},
journal = {Journal of Theoretical Biology},
volume = {182},
pages = {513--529},
year = {1996},
}

% Paper with THB cell modeling, part 2
@article{Carneiro2,
title = {A Model of the Immune Network with B-T Cell Co-operation II -- The Simulation of Ontogenesis},
author = {Jorge Carneiro, Antonio Coutinho, Jose Faro, and John Stewart},
journal = {Journal of Theoretical Biology},
volume = {182},
pages = {531--547},
year = {1996},
}

% TFH cell review
@article{Crotty,
title = {Follicular Helper CD4 T Cells (TFH)},
author = {Shane Crotty},
journal = {Annual Reviews of Immunology},
volume = {29},
pages = {621--663},
year = {2011},
}